<?xml version="1.0" encoding="UTF-8"?><collection xmlns="http://www.loc.gov/MARC21/slim"><record><leader>00512nam--2200193-i-4500</leader><controlfield tag="001">000020747</controlfield><controlfield tag="002">20161230</controlfield><controlfield tag="005">20161230201033</controlfield><controlfield tag="008">060222s1000------------r-----000-0-rus-d</controlfield><datafield ind1=" " ind2=" " tag="040"><subfield code="a">IFIN-HH</subfield></datafield><datafield ind1=" " ind2=" " tag="041"><subfield code="a">rus</subfield></datafield><datafield ind1=" " ind2=" " tag="080"><subfield code="a">539.17.013</subfield></datafield><datafield ind1="1" ind2=" " tag="100"><subfield code="a">Bates, D.R</subfield></datafield><datafield ind1="1" ind2="0" tag="245"><subfield code="a">Atomnie i molekuliarnie protessi</subfield><subfield code="c">D.r. bates</subfield></datafield><datafield ind1=" " ind2=" " tag="260"><subfield code="a">Moskva</subfield><subfield code="b">Mir</subfield><subfield code="c">1964</subfield></datafield><datafield ind1=" " ind2=" " tag="300"><subfield code="a">777P</subfield></datafield><datafield ind1=" " ind2=" " tag="500"><subfield code="a">Titlul Original In Limba Engleza: Atomic And Molecular Processes</subfield></datafield><datafield ind1=" " ind2=" " tag="852"><subfield code="a">20682</subfield><subfield code="c">539.18</subfield></datafield><datafield ind1=" " ind2=" " tag="CAT"><subfield code="a">Sys</subfield><subfield code="c">20120702</subfield><subfield code="h">103455</subfield></datafield></record></collection>